@manual{intel2017man,
  author = {{Intel Corporation}},
  title = {Intel 64 and IA-32 Architectures Software Developer’s Manual},
  year = {2016},
  month = apr,
  organization = {Intel Corporation},
  note = {\url{http://www.intel.com/content/www/us/en/processors/architectures-software-developer-manuals.html},
   visited 2017-08-19}
}

@book{hash, 
author = {Schueffel Patrick and Groeneweg Nikolaj and Baldegger Rico},
title = {The Crypto Encyclopdia - Coins, tokens and digital assets from A to Z}, 
publisher = {Growth Publisher, Bern},
year = {2019}
}


@misc{rfc1319,
    howpublished =  {RFC 1319},
    publisher = {RFC Editor},
    url =       {https://www.rfc-editor.org/info/rfc1319},
    author =    {Burt Kaliski},
    title =     {The MD2 Message-Digest Algorithm},
    year =      {1992},
    month =     {April},
    day =       {1},
    abstract =  {This document describes the MD2 message-digest algorithm. The algorithm takes as input a message of arbitrary length and produces as output a 128-bit "fingerprint" or "message digest" of the input. This memo provides information for the Internet community. It does not specify an Internet standard.},
}

@misc{rfc6149,
    howpublished =  {RFC 6149},
    publisher = {RFC Editor},
    url =       {https://datatracker.ietf.org/doc/html/rfc6149},
    author =    {S. Turner},
    title =     {MD2 to Historic Status},
    year =      {2011},
    month =     {March},
    day =       {1},
    abstract =  {This document retires MD2 and discusses the reasons for doing so.This document moves RFC 1319 to Historic status.},
}


@InProceedings{attack,
author={Frederic Muller},
editor={Pil Joong Lee},
title={The MD2 Hash Function Is Not One-Way},
booktitle={Advances in Cryptology - ASIACRYPT 2004},
year={2004},
publisher={Springer Berlin Heidelberg},
address={Berlin, Heidelberg},
}

@Inbook{Spitz2011,
author={Stephan Spitz
and  Michael Pramateftakis
and  Joachim Swoboda},
Title={Kryptographie und IT-Sicherheit: Grundlagen und Anwendungen},
year={2011},
chapter = {3},
pages = {95-100},
publisher={Vieweg+Teubner},

}

@Article{urbild,
author={Knudsen, Lars R.
and Mathiassen, John Erik
and Muller, Fr{\'e}d{\'e}ric
and Thomsen, S{\o}ren S.},
title={Cryptanalysis of MD2},
journal={Journal of Cryptology},
year={2010},
month={Jan},
day={01},
volume={23},
number={1},
pages={72-90},
abstract={This paper considers the hash function MD2 which was developed by Ron Rivest in 1989. Despite its age, MD2 has withstood cryptanalytic attacks until recently. This paper contains the state-of-the-art cryptanalytic results on MD2, in particular collision and preimage attacks on the full hash function, the latter having complexity 273, which should be compared to a brute-force attack of complexity 2128.},
issn={1432-1378},
doi={10.1007/s00145-009-9054-1},
url={https://doi.org/10.1007/s00145-009-9054-1}
}



@Inbook{Pelzl2016,
author={Jan Pelzl and  Christof Paar},
Title={Kryptografie verständlich: Ein Lehrbuch für Studierende und Anwender},
year={2016},
chapter = {11},
pages = {293-307},
publisher={Springer Berlin Heidelberg},
}

@misc{preimageattack,
  title={An improved preimage attack on MD2},
  booktitle={IACR Eprint archive},
  keywords={secret-key cryptography / Hash functions, MD2, preimage attack},
  url={http://eprint.iacr.org/2008/089},
  note={ crypto@znoren.dk 13937 received 28 Feb 2008},
  author={Søren S. Thomsen},
  year=2008
}

@Inbook{Padding,
author={Amrita Mitra},
Title={Cryptography And Public Key Infrastructure},
year={2020},
publisher={Independently Published},
}

@Article{md2Checksum,
author={N. Rogier and Pascal Chauvaud},
title={Md2 is not Secure Without the Checksum Byte},
journal={Designs, Codes and Cryptography},
year={1997},
month={Nov},
day={01},
volume={12},
}

@article{permutation,
author = {Durstenfeld, Richard},
title = {Algorithm 235: Random Permutation},
year = {1964},
issue_date = {July 1964},
publisher = {Association for Computing Machinery},
address = {New York, NY, USA},
volume = {7},
number = {7},
issn = {0001-0782},
url = {https://doi.org/10.1145/364520.364540},
doi = {10.1145/364520.364540},
journal = {Commun. ACM},
month = {jul},
pages = {420},
numpages = {2}
}

@Book{cambridge,
publisher = {Cambridge University Press},
author = {Rationality.},
title = {{The Cambridge Dictionary of Philosophy}},
year = {1999},
}

      
@article{hashChecksum,
author = {Gauravaram, Praveen and Kelsey, John and Knudsen, Lars and Thomsen, Søren},
year = {2010},
month = {04},
pages = {137-151},
title = {On hash functions using checksums},
volume = {9},
journal = {Int. J. Inf. Sec.},
doi = {10.1007/s10207-009-0100-7}
}

@book{paddingA,
  author = {Menezes, Alfred J. and van Oorschot, Paul C. and Vanstone, Scott A.},
  publisher = {CRC Press},
  title = {Handbook of Applied Cryptography},
  url = {http://www.cacr.math.uwaterloo.ca/hac/},
  year = {2001}
}

@book{paddingSchwenk,
  author = {Schwenk, Jörg},
  publisher = {Vieweg},
  title = {Sicherheit und Kryptographie im Internet. Von sicherer E-Mail bis zu IP-Verschlüsselung},
  year = {2005}
}

@inbook{kryptografie,
  added-at = {2008-12-06T15:11:19.000+0100},
  address = {Heidelberg},
  author = {Schmeh, K.},
  biburl = {https://www.bibsonomy.org/bibtex/2411c3550a3b2de66ca881abb7a455040/lysander07},
  interhash = {5a03076e3d6734fb2fd6aa9a22e74e08},
  intrahash = {411c3550a3b2de66ca881abb7a455040},
  keywords = {cryptography www01 www02 wwwbook wwwkap5},
  pages = {199-234},
  publisher = {dPunkt Verlag},
  timestamp = {2009-06-19T08:59:49.000+0200},
  title = {Kryptografie -- Verfahren, Protokolle, Infrastrukturen},
  year = {2007}
}

@article{bundes,
author = {Bundesamt für Sicherheit in der Informationstechnik},
year = {2022},
title = {Kryptographische Verfahren:
Empfehlungen und Schlüsselängen},
journal = {BSI TR-02102}
}

@misc{onlineHash,
  title = {Online Generator zum MD2 Hash-Code erstellen},
  howpublished = {\url{https://hash-generator.io/online-md2-hash-generator.php#hash_footer_link}},
  author = {Björn Staven}
}